@inproceedings{WiktorzakKotowski,
author = {Wiktorzak, Aneta and Kotowski, Romuald},
year = {2016},
month = {07},
pages = {},
title = {DISTANCE LEARNING},
doi = {10.21125/edulearn.2016.0876}
}

%OPRAVIT
@inproceedings{India,
author = {Sadhasivam Panchabakesan},
year = {2011},
month = {},
pages = {},
title = {PROBLEMS AND PROSPECTIVES IN DISTANCE EDUCATION IN INDIA IN THE 21st CENTURY},
doi = {}
}
@article{elearningDef,
  doi = {10.1016/j.sbspro.2014.09.159},
  url = {https://doi.org/10.1016/j.sbspro.2014.09.159},
  year = {2014},
  month = oct,
  publisher = {Elsevier {BV}},
  volume = {152},
  pages = {82--88},
  author = {Amani Mubarak Al-Khatir Al-Arimi},
  title = {Distance Learning},
  journal = {Procedia - Social and Behavioral Sciences}
}
@inproceedings{Sokolova2018,
  doi = {10.15405/epsbs.2018.12.02.157},
  url = {https://doi.org/10.15405/epsbs.2018.12.02.157},
  year = {2018},
  month = dec,
  publisher = {Cognitive-Crcs},
  author = {Nina A. Sokolova},
  title = {The Pros And Cons Of Distance Learning}
}
@article{covid19,
author = {Salceanu, Claudia},
year = {2020},
month = {06},
pages = {},
title = {HIGHER EDUCATION CHALLENGES DURING COVID-19 PANDEMIC. A CASE STUDY}
}